<record><leader>00000cas a22000007a 4500</leader><controlfield tag="001">17780429</controlfield><controlfield tag="008">880412d19731973txudr ne      0    0eng d</controlfield><datafield ind1=" " ind2=" " tag="010"><subfield code="a">sn 88083213 </subfield></datafield><datafield ind1=" " ind2=" " tag="040"><subfield code="a">PPM</subfield><subfield code="b">eng</subfield><subfield code="c">PPM</subfield><subfield code="d">IGA</subfield><subfield code="d">OCLCQ</subfield><subfield code="d">OCLCF</subfield><subfield code="d">OCLCO</subfield></datafield><datafield ind1=" " ind2=" " tag="042"><subfield code="a">msc</subfield></datafield><datafield ind1=" " ind2=" " tag="043"><subfield code="a">n-us-tx</subfield></datafield><datafield ind1="0" ind2="0" tag="245"><subfield code="a">Duncanville daily news.</subfield></datafield><datafield ind1=" " ind2=" " tag="260"><subfield code="a">Duncanville, Tex. :</subfield><subfield code="b">Royce Brown,</subfield><subfield code="c">1973-1973.</subfield></datafield><datafield ind1=" " ind2=" " tag="310"><subfield code="a">Daily</subfield></datafield><datafield ind1="0" ind2=" " tag="362"><subfield code="a">Vol. 14, no. 1 (Aug. 7, 1973)-v. 14, no. 6 (Oct. 30, 1973).</subfield></datafield><datafield ind1=" " ind2="0" tag="651"><subfield code="a">Duncanville (Tex.)</subfield><subfield code="v">Newspapers.</subfield></datafield><datafield ind1=" " ind2="7" tag="655"><subfield code="a">Newspapers.</subfield><subfield code="2">fast</subfield><subfield code="0">(OCoLC)fst01423814</subfield></datafield><datafield ind1=" " ind2="7" tag="651"><subfield code="a">Texas</subfield><subfield code="z">Duncanville.</subfield><subfield code="2">fast</subfield><subfield code="0">(OCoLC)fst01211702</subfield></datafield><datafield ind1=" " ind2=" " tag="752"><subfield code="a">United States</subfield><subfield code="b">Texas</subfield><subfield code="c">Dallas</subfield><subfield code="d">Duncanville.</subfield></datafield><datafield ind1="0" ind2="0" tag="780"><subfield code="t">Southwest Dallas County suburban</subfield></datafield><datafield ind1="0" ind2="0" tag="785"><subfield code="t">Duncanville suburban</subfield></datafield></record>